<?xml version="1.0" encoding="UTF-8"?>
<marc:collection xmlns:marc="http://www.loc.gov/MARC21/slim" xmlns:xsi="http://www.w3.org/2001/XMLSchema-instance" xsi:schemaLocation="http://www.loc.gov/MARC21/slim http://www.loc.gov/standards/marcxml/schema/MARC21slim.xsd">
   <marc:record type="Bibliographic">
      <marc:leader>01429cam a2200349Ki 4500</marc:leader>
      <marc:controlfield tag="001">2751872</marc:controlfield>
      <marc:controlfield tag="003">NjP</marc:controlfield>
      <marc:controlfield tag="005">20170516151228.0</marc:controlfield>
      <marc:controlfield tag="008">870801s1968    iq            001 0dara d</marc:controlfield>
      <marc:datafield tag="024" ind1="7" ind2=" ">
         <marc:subfield code="a">princeton_aco001364</marc:subfield>
         <marc:subfield code="2">local</marc:subfield>
      </marc:datafield>
      <marc:datafield tag="035" ind1=" " ind2=" ">
         <marc:subfield code="a">(OCoLC)ocm16358863</marc:subfield>
      </marc:datafield>
      <marc:datafield tag="035" ind1=" " ind2=" ">
         <marc:subfield code="9">CNE4302TS</marc:subfield>
      </marc:datafield>
      <marc:datafield tag="035" ind1=" " ind2=" ">
         <marc:subfield code="a">(OCoLC)16358863</marc:subfield>
      </marc:datafield>
      <marc:datafield tag="040" ind1=" " ind2=" ">
         <marc:subfield code="a">WAU</marc:subfield>
         <marc:subfield code="c">WAU</marc:subfield>
         <marc:subfield code="d">OCL</marc:subfield>
         <marc:subfield code="d">OCLCQ</marc:subfield>
         <marc:subfield code="d">PUL</marc:subfield>
      </marc:datafield>
      <marc:datafield tag="043" ind1=" " ind2=" ">
         <marc:subfield code="a">ma-----</marc:subfield>
         <marc:subfield code="a">aw-----</marc:subfield>
         <marc:subfield code="a">ff-----</marc:subfield>
         <marc:subfield code="a">e-sp---</marc:subfield>
      </marc:datafield>
      <marc:datafield tag="049" ind1=" " ind2=" ">
         <marc:subfield code="a">PULL</marc:subfield>
      </marc:datafield>
      <marc:datafield tag="066" ind1=" " ind2=" ">
         <marc:subfield code="c">(4</marc:subfield>
         <marc:subfield code="c">(3</marc:subfield>
      </marc:datafield>
      <marc:datafield tag="090" ind1=" " ind2=" ">
         <marc:subfield code="a">BP192.8</marc:subfield>
         <marc:subfield code="b">.K34</marc:subfield>
      </marc:datafield>
      <marc:datafield tag="100" ind1="1" ind2=" ">
         <marc:subfield code="6">880-01</marc:subfield>
         <marc:subfield code="a">Kammūnah al-Ḥusaynī, ʻAbd al-Razzāq,</marc:subfield>
         <marc:subfield code="d">b. 1906.</marc:subfield>
      </marc:datafield>
      <marc:datafield tag="245" ind1="1" ind2="0">
         <marc:subfield code="6">880-02</marc:subfield>
         <marc:subfield code="a">[Mawārid al-itḥāf fī nuqabāʾ al-ashrāf /</marc:subfield>
         <marc:subfield code="c">taʻlīf al-Sayyid ʻAbd al-Razzāq Kammūnah al-Ḥusaynī. ( romanized form)].</marc:subfield>
      </marc:datafield>
      <marc:datafield tag="260" ind1=" " ind2=" ">
         <marc:subfield code="a">al-Najaf :</marc:subfield>
         <marc:subfield code="b">Maṭbaʻat al-Adab ( romanized form),</marc:subfield>
         <marc:subfield code="c">1968.</marc:subfield>
      </marc:datafield>
      <marc:datafield tag="300" ind1=" " ind2=" ">
         <marc:subfield code="a">2 v. ;</marc:subfield>
         <marc:subfield code="c">25 cm.</marc:subfield>
      </marc:datafield>
      <marc:datafield tag="500" ind1=" " ind2=" ">
         <marc:subfield code="a">Includes indexes.</marc:subfield>
      </marc:datafield>
      <marc:datafield tag="650" ind1=" " ind2="0">
         <marc:subfield code="a">Shiite authors.</marc:subfield>
      </marc:datafield>
      <marc:datafield tag="650" ind1=" " ind2="0">
         <marc:subfield code="a">Shiites</marc:subfield>
         <marc:subfield code="v">Biography.</marc:subfield>
      </marc:datafield>
      <marc:datafield tag="650" ind1=" " ind2="0">
         <marc:subfield code="a">Shiites</marc:subfield>
         <marc:subfield code="v">Early works to 1800.</marc:subfield>
      </marc:datafield>
      <marc:datafield tag="650" ind1=" " ind2="0">
         <marc:subfield code="a">Cities and towns</marc:subfield>
         <marc:subfield code="z">Arab countries.</marc:subfield>
      </marc:datafield>
      <marc:datafield tag="651" ind1=" " ind2="0">
         <marc:subfield code="a">Islamic Empire</marc:subfield>
         <marc:subfield code="v">Genealogy.</marc:subfield>
      </marc:datafield>
      <marc:datafield tag="880" ind1="1" ind2=" ">
         <marc:subfield code="6">100-01/(4/r</marc:subfield>
         <marc:subfield code="a">کمونة الحسيني، عبد الرزاق.</marc:subfield>
      </marc:datafield>
      <marc:datafield tag="880" ind1="1" ind2="0">
         <marc:subfield code="6">245-02/(3/r</marc:subfield>
         <marc:subfield code="a">موارد الاتحاف في نقباء الأشراف /</marc:subfield>
         <marc:subfield code="c">تأليف عبد الرزاق کمونة الحسيني.</marc:subfield>
      </marc:datafield>
      <marc:datafield tag="880" ind1=" " ind2=" ">
         <marc:subfield code="6">260-00/(3/r</marc:subfield>
         <marc:subfield code="a">النجف الأشرف :</marc:subfield>
         <marc:subfield code="b">مطبعة الآداب،</marc:subfield>
         <marc:subfield code="c">١٩٦٨.</marc:subfield>
      </marc:datafield>
      <marc:datafield tag="852" ind1="0" ind2=" ">
         <marc:subfield code="b">nec</marc:subfield>
         <marc:subfield code="h">BP192.8</marc:subfield>
         <marc:subfield code="i">.K34 1968</marc:subfield>
         <marc:subfield code="p">3062601</marc:subfield>
         <marc:subfield code="x">reclassed from: 2271.508225.K6.363</marc:subfield>
      </marc:datafield>
      <marc:datafield tag="994" ind1=" " ind2=" ">
         <marc:subfield code="a">C0</marc:subfield>
         <marc:subfield code="b">PUL</marc:subfield>
      </marc:datafield>
      <marc:datafield tag="999" ind1=" " ind2=" ">
         <marc:subfield code="a">2751872</marc:subfield>
      </marc:datafield>
   </marc:record>
</marc:collection>
